<record><leader>00000cas a22000007a 4500</leader><controlfield tag="001">11072493</controlfield><controlfield tag="008">840820d1834184uinuwr ne      0    0eng d</controlfield><datafield ind1=" " ind2=" " tag="010"><subfield code="a">sn 84023914 </subfield></datafield><datafield ind1=" " ind2=" " tag="040"><subfield code="a">AQM</subfield><subfield code="b">eng</subfield><subfield code="c">AQM</subfield><subfield code="d">OCLCQ</subfield><subfield code="d">DLC</subfield><subfield code="d">OCLCF</subfield></datafield><datafield ind1=" " ind2=" " tag="042"><subfield code="a">msc</subfield></datafield><datafield ind1=" " ind2=" " tag="043"><subfield code="a">n-us-in</subfield></datafield><datafield ind1="0" ind2=" " tag="130"><subfield code="a">Evansville journal (Evansville, Ind. : Weekly)</subfield></datafield><datafield ind1="1" ind2="4" tag="245"><subfield code="a">The Evansville journal.</subfield></datafield><datafield ind1=" " ind2=" " tag="260"><subfield code="a">Evansville, Ind. :</subfield><subfield code="b">W.H. &amp; J.J. Chandler</subfield></datafield><datafield ind1=" " ind2=" " tag="310"><subfield code="a">Weekly</subfield></datafield><datafield ind1="1" ind2=" " tag="362"><subfield code="a">Began in 1834.</subfield></datafield><datafield ind1=" " ind2=" " tag="588"><subfield code="a">Description based on: Vol. 6 (Oct. 14, 1840).</subfield></datafield><datafield ind1=" " ind2=" " tag="588"><subfield code="a">Latest issue consulted: Vol. XIII, no. 9 (April 1, 1847).</subfield></datafield><datafield ind1=" " ind2="0" tag="651"><subfield code="a">Evansville (Ind.)</subfield><subfield code="v">Newspapers.</subfield></datafield><datafield ind1=" " ind2="7" tag="655"><subfield code="a">Newspapers.</subfield><subfield code="2">rbgenr</subfield></datafield><datafield ind1=" " ind2="7" tag="655"><subfield code="a">Newspapers.</subfield><subfield code="2">fast</subfield><subfield code="0">(OCoLC)fst01423814</subfield></datafield><datafield ind1=" " ind2="7" tag="651"><subfield code="a">Indiana</subfield><subfield code="z">Evansville.</subfield><subfield code="2">fast</subfield><subfield code="0">(OCoLC)fst01213859</subfield></datafield><datafield ind1=" " ind2=" " tag="752"><subfield code="a">United States</subfield><subfield code="b">Indiana</subfield><subfield code="c">Vanderburgh</subfield><subfield code="d">Evansville.</subfield></datafield><datafield ind1="0" ind2=" " tag="775"><subfield code="t">Tri-weekly journal</subfield><subfield code="w">(DLC)sn 86058890</subfield></datafield><datafield ind1="0" ind2=" " tag="775"><subfield code="t">Evansville daily journal</subfield><subfield code="w">(DLC)sn 82015672</subfield><subfield code="w">(OCoLC)8809870</subfield></datafield><datafield ind1="0" ind2="0" tag="785"><subfield code="t">Evansville weekly journal</subfield><subfield code="w">(DLC)sn 82016320</subfield><subfield code="w">(OCoLC)9287183</subfield></datafield></record>